<record><leader>00000cas a2200000 a 4500</leader><controlfield tag="001">48386442</controlfield><controlfield tag="008">011108u1921uuuunyumr n      s0    0eng c</controlfield><datafield ind1=" " ind2=" " tag="010"><subfield code="a">  2001245087</subfield></datafield><datafield ind1=" " ind2=" " tag="040"><subfield code="a">NYG</subfield><subfield code="b">eng</subfield><subfield code="c">NYG</subfield><subfield code="d">DLC</subfield><subfield code="d">NYG</subfield><subfield code="d">OCLCQ</subfield><subfield code="d">OCLCF</subfield><subfield code="d">OCL</subfield></datafield><datafield ind1=" " ind2=" " tag="019"><subfield code="a">65189259</subfield></datafield><datafield ind1=" " ind2=" " tag="042"><subfield code="a">pcc</subfield></datafield><datafield ind1=" " ind2=" " tag="043"><subfield code="a">n-us-ny</subfield></datafield><datafield ind1=" " ind2="4" tag="050"><subfield code="a">LH1.S738</subfield><subfield code="b">V65</subfield></datafield><datafield ind1=" " ind2=" " tag="086"><subfield code="a">AGR 938-3 VOISS 201-87</subfield><subfield code="2">nydocs</subfield></datafield><datafield ind1="0" ind2="4" tag="245"><subfield code="a">The voice of State School of Agriculture.</subfield></datafield><datafield ind1="1" ind2=" " tag="246"><subfield code="i">Issues for &lt;1931&gt;- called:</subfield><subfield code="a">Voice</subfield></datafield><datafield ind1=" " ind2=" " tag="260"><subfield code="a">Cobleskill, N.Y. :</subfield><subfield code="b">New York State School of Agriculture,</subfield><subfield code="c">1921-</subfield></datafield><datafield ind1=" " ind2=" " tag="300"><subfield code="a">v. :</subfield><subfield code="b">ill. ;</subfield><subfield code="c">25-31 cm.</subfield></datafield><datafield ind1=" " ind2=" " tag="310"><subfield code="a">Monthly,</subfield><subfield code="b">&lt;Nov. 1931&gt;-</subfield></datafield><datafield ind1=" " ind2=" " tag="321"><subfield code="a">Semiannual,</subfield><subfield code="b">&lt;1921&gt;-</subfield></datafield><datafield ind1="0" ind2=" " tag="362"><subfield code="a">Vol. 1, no. 1 (Apr. 1921)-</subfield></datafield><datafield ind1=" " ind2=" " tag="500"><subfield code="a">Title from cover.</subfield></datafield><datafield ind1=" " ind2=" " tag="515"><subfield code="a">Nov. 1931 mislabeled as Vol. 11, no. 1. It should be v. 12, no. 1.</subfield></datafield><datafield ind1=" " ind2=" " tag="550"><subfield code="a">1941, College's name changed to: New York State Institute of Agriculture and Home Economics.</subfield></datafield><datafield ind1=" " ind2=" " tag="588"><subfield code="a">Latest issue consulted: Vol. 12, no. 5 (Mar. 1932).</subfield></datafield><datafield ind1="2" ind2="0" tag="610"><subfield code="a">New York State School of Agriculture</subfield><subfield code="v">Newspapers.</subfield></datafield><datafield ind1="2" ind2="0" tag="610"><subfield code="a">New York State Institute of Agriculture and Home Economics</subfield><subfield code="v">Newspapers.</subfield></datafield><datafield ind1=" " ind2="0" tag="650"><subfield code="a">College student newspapers and periodicals</subfield><subfield code="z">New York (State)</subfield><subfield code="z">Cobleskill.</subfield></datafield><datafield ind1=" " ind2="0" tag="650"><subfield code="a">College students</subfield><subfield code="z">New York (State)</subfield><subfield code="z">Cobleskill.</subfield></datafield><datafield ind1="2" ind2="7" tag="610"><subfield code="a">New York State School of Agriculture.</subfield><subfield code="2">fast</subfield><subfield code="0">(OCoLC)fst00767079</subfield></datafield><datafield ind1="2" ind2="7" tag="610"><subfield code="a">New York State Institute of Agriculture and Home Economics.</subfield><subfield code="2">fast</subfield><subfield code="0">(OCoLC)fst00788018</subfield></datafield><datafield ind1=" " ind2="7" tag="650"><subfield code="a">College student newspapers and periodicals.</subfield><subfield code="2">fast</subfield><subfield code="0">(OCoLC)fst00867966</subfield></datafield><datafield ind1=" " ind2="7" tag="650"><subfield code="a">College students.</subfield><subfield code="2">fast</subfield><subfield code="0">(OCoLC)fst00867976</subfield></datafield><datafield ind1=" " ind2="7" tag="651"><subfield code="a">New York (State)</subfield><subfield code="z">Cobleskill.</subfield><subfield code="2">fast</subfield><subfield code="0">(OCoLC)fst01220346</subfield></datafield><datafield ind1=" " ind2="7" tag="655"><subfield code="a">Newspapers.</subfield><subfield code="2">fast</subfield><subfield code="0">(OCoLC)fst01423814</subfield></datafield><datafield ind1="2" ind2=" " tag="710"><subfield code="a">New York State School of Agriculture.</subfield></datafield><datafield ind1="2" ind2=" " tag="710"><subfield code="a">New York State Institute of Agriculture and Home Economics.</subfield></datafield><datafield ind1="0" ind2="0" tag="785"><subfield code="t">Hill whispers</subfield></datafield><datafield ind1="1" ind2=" " tag="029"><subfield code="a">AU@</subfield><subfield code="b">000023214324</subfield></datafield></record>